@book{praktyczne_systemy_rekomendacji,
  author    = {Kim Falk},
  title     = {Praktyczne systemy rekomendacji},
  year      = {2020},
  publisher = {Wydawnictwo Naukowe PWN SA},
  address   = {Warszawa},
  isbn      = {978-83-01-21330-5},
  language  = {Polish}
}

@misc{lipsum,
    title = {Lorem ipsum placeholder},
    author = {{Lorem Ipsum}},
    howpublished = "\url{https://lorem.ipsum.com}",
    year = {2025},
    note = "[accessed 27.03.2025]"
}
